@misc{flores_1970,
 title={Cálculo en varias variables}, 
 url={https://archive.org/details/2012CalculoEnVariasVariables}, journal={Internet Archive}, 
 publisher={Instituto Tecnológico de Costa Rica}, 
 author={Flores, Walter Mora}, 
 year={1970}, 
 month={Jan}
}, 
@book{zill1,
 place={México},
 title={Cálculo de varias variables}, 
 publisher={MCGRAW-HILL INTERAMERICANA}, 
 author={Zill, Dennis G. and Wright, Warren S. and Cázares Nagore Gabriel},
 year={2011}} 
@misc{strang, 
title={Calculus volume 3}, 
url={https://open.umn.edu/opentextbooks/textbooks/371}, 
journal={Open Textbook Library}, 
author={Strang, Gilbert}
} 
@misc{strang, 
title={Calculus volume 3}, 
url={https://open.umn.edu/opentextbooks/textbooks/371}, 
journal={Open Textbook Library}, 
author={Strang, Gilbert}
} 
@article{solis2016graficas,
  title={Gráficas de superficies cuádricas y trazas empleando GeoGebra},
  author={Solís, Ángel},
  journal={Revista Digital Matem{\'a}tica},
  volume={16},
  number={1},
  pages={1--34},
  year={2016},
  publisher={Federación Española de Sociedades de Profesores de Matemáticas}
}
@article{bauer, 
title={Kurt Gödel. On formally undecidable propositions of Principia mathematica and related systems I.}, 
volume={30}, 
DOI={10.2307/2269629}, 
number={3}, 
journal={Journal of Symbolic Logic}, 
publisher={Cambridge University Press}, 
author={Bauer-Mengelberg, Stefan}, 
year={1965}, 
pages={359–362}
}
@book{euclidesSeisLibrosPrimeros1576,
  title = {Los seis libros primeros de la geometría de Euclides},
  author = {Euclides},
  year = {1576},
  publisher = {{en casa de Alonso de la Barrera}},
  googlebooks = {zWy8BnTDHHoC},
  langid = {spanish}
}
@article{parra, 
title={Arquímedes: su vida, obras y aportes a la matemática moderna}, 
volume={1}, 
url={www.cidse.itcr.ac.cr/revistamate/}, 
number={Vol 9}, 
journal={Revista digital Matemática, Educación e Internet}, 
author={Parra, Edward}, 
year={2009}, 
pages={1–40}
}
@article{molina,
title={La regla de reducción al absurdo en la Geometría griega y en la Lógica de Aristóteles},
author={Molina, Jorge Alberto},
year={2018},
url={http://www.afhic.com/wp-content/uploads/2018/12/La-regla-de-la-reducción-al-absurdo.pdf},
pages={1-18},
journal={UNISC}
}
@article{yehida,
title={Why do we prove theorems?},
author={Yehuda, Rav},
year={1999},
url={http://sgpwe.izt.uam.mx/files/users/uami/ahg/1999_Rav.pdf},
pages={21},
journal={Philosophia mathematica}
}
@book{rademacher,
title={Lectures on Elementary Number theory},
author={Rademacher, Hans},
year={1977},
pages={120},
publisher={BlaiMlell Publiahing Oompany}
}
@book{sara,
title={Euclides: Libros VII - VIII - IX},
author={Batista Cruz Sara Gabriela},
year={2018},
pages={11-49},
publisher={Universidad de La Laguna},
url={https://riull.ull.es/xmlui/handle/915/8846}
}